% This file was created with JabRef 2.3.1.
% Encoding: UTF-8

@ARTICLE{Haan1984,
  author = {{de Haan}, L.},
  title = {A Spectral Representation for Max-stable Processes},
  journal = {The Annals of Probability},
  year = {1984},
  volume = {12},
  pages = {1194--1204},
  number = {4},
  abstract = {The elements of an arbitrary max-stable sequence are exhibited as
	functionals of a 2-dimensional Poisson point process. The result
	is extended to a continuous time max-stable process that is continuous
	in probability. We define an analogue of a stochastic integral appropriate
	for this context.},
  copyright = {Copyright Â© 1984 Institute of Mathematical Statistics},
  file = {:Articles/deHaan1984.pdf:PDF},
  issn = {00911798},
  jstor_articletype = {primary_article},
  jstor_formatteddate = {Nov., 1984},
  owner = {ribatet},
  publisher = {Institute of Mathematical Statistics},
  timestamp = {2008.04.29},
  url = {http://www.jstor.org/stable/2243357}
}

@INPROCEEDINGS{Akaike1974,
  author = {Akaike, H.},
  title = {A new look at the statistical model identification},
  booktitle = {Automatic Control},
  year = {1974},
  volume = {19},
  number = {6},
  series = {IEEE Transactions on},
  doi = {10.1109/TAC.1974.1100705},
  owner = {mathieu},
  timestamp = {2008.12.22}
}

@ARTICLE{Chan1997,
  author = {Chan, G. and Wood, A.T.A.},
  title = {An algorithm for simulating stationary {G}aussian random fields},
  journal = {Journal of the Royal Statistical Society Series C},
  year = {1997},
  volume = {46},
  pages = {171--181},
  number = {1},
  owner = {mathieu},
  timestamp = {2009.04.29}
}

@ARTICLE{Chandler2007,
  author = {Chandler, Richard E. and Bate, Steven},
  title = {Inference for clustered data using the independence loglikelihood},
  journal = {Biometrika},
  year = {2007},
  volume = {94},
  pages = {167--183},
  number = {1},
  abstract = {We use the properties of independence estimating equations to adjust
	the independence' loglikelihood function in the presence of clustering.
	The proposed adjustment relies on the robust sandwich estimator of
	the parameter covariance matrix, which is easily calculated. The
	methodology competes favourably with established techniques based
	on independence estimating equations; we provide some insight as
	to why this is so. The adjustment is applied to examples relating
	to the modelling of wind speed in Europe and annual maximum temperatures
	in the U.K.},
  date = {March 1, 2007},
  file = {Chandler2007.pdf:Articles/Chandler2007.pdf:PDF},
  owner = {ribatet},
  timestamp = {2008.04.21},
  url = {http://biomet.oxfordjournals.org/cgi/content/abstract/94/1/167}
}

@PHDTHESIS{Chiles1997,
  author = {Chil\`es, J.-P.},
  title = {G\'eostatistique des ph\'enom`enes non-stationnaires (dans le plan)},
  school = {Universit\'e de Nancy I},
  year = {1997},
  owner = {mathieu},
  timestamp = {2009.05.19}
}

@BOOK{Chiles1999,
  title = {Geostatistics: {M}odelling {S}patial {U}ncertainty},
  publisher = {Wiley},
  year = {1999},
  author = {Chil\`es, J.-P. and Delfiner, P.},
  pages = {695},
  address = {New York},
  owner = {mathieu},
  timestamp = {2009.05.19}
}

@BOOK{Coles2001,
  title = {An {I}ntroduction to {S}tatistical {M}odelling of {E}xtreme {V}alues},
  publisher = {Springers Series in Statistics},
  year = {2001},
  author = {Coles, S.},
  series = {Springer Series in Statistics},
  address = {London},
  owner = {mathieu},
  timestamp = {2008.12.23}
}

@INCOLLECTION{Cooley2006,
  author = {Cooley, Dan and Naveau, Philippe and Poncet, Paul},
  title = {Variograms for spatial max-stable random fields},
  booktitle = {Dependence in Probability and Statistics},
  publisher = {Springer},
  year = {2006},
  editor = {Springer},
  volume = {187},
  pages = {373--390},
  address = {New York},
  edition = {Lecture Notes in Statistics},
  owner = {ribatet},
  timestamp = {2008.06.11},
  url = {http://dx.doi.org/10.1007/0-387-36062-X_17}
}

@ARTICLE{Cox2004,
  author = {Cox, D. R. and Reid, N.},
  title = {A note on pseudolikelihood constructed from marginal densities},
  journal = {Biometrika},
  year = {2004},
  volume = {91},
  pages = {729--737},
  number = {3},
  abstract = {For likelihood-based inference involving distributions in which high-dimensional
	dependencies are present it may be useful to use approximate likelihoods
	based, for example, on the univariate or bivariate marginal distributions.
	The asymptotic properties of formal maximum likelihood estimators
	in such cases are outlined. In particular, applications in which
	only a single qx1 vector of observations is observed are examined.
	Conditions under which consistent estimators of parameters result
	from the approximate likelihood using only pairwise joint distributions
	are studied. Some examples are analysed in detail.},
  date = {September 1, 2004},
  file = {Cox2004.pdf:Articles/Cox2004.pdf:PDF},
  owner = {ribatet},
  timestamp = {2008.03.17},
  url = {http://biomet.oxfordjournals.org/cgi/content/abstract/91/3/729}
}

@BOOK{Cramer1946,
  title = {Mathematical Methods of Statistics},
  publisher = {Princeton University Press},
  year = {1946},
  author = {Cram\'er, H.},
  volume = {9},
  series = {Princeton Mathematical Series},
  owner = {mathieu},
  timestamp = {2008.12.23}
}

@BOOK{Cressie1993,
  title = {Statistics for {S}patial {D}ata},
  publisher = {John Wiley \& Sons inc.},
  year = {1993},
  author = {Cressie, N. A. C.},
  series = {Wiley Series in Probability and Statistics},
  address = {New York},
  owner = {mathieu},
  timestamp = {2008.12.24}
}

@ARTICLE{Davis1987,
  author = {Davis, Michael},
  title = {Production of conditional simulations via the LU triangular decomposition
	of the covariance matrix},
  journal = {Mathematical Geology},
  year = {1987},
  volume = {19},
  pages = {91--98},
  number = {2},
  month = feb,
  abstract = {Abstract&nbsp;&nbsp;This paper reviews the turning band method and
	fast Fourier transform method of producing a nonconditional simulation
	of a multinormal random function with a given covariance structure.
	A review of the two common methods of conditioning the simulation
	to honor the data shows that they are formally equivalent. Another
	method for directly pondering a conditional simulation based on the
	LU triangular decomposition of the covariance matrix is presented.
	Computational and implementation difficulties are discussed.},
  owner = {mathieu},
  timestamp = {2009.04.30},
  url = {http://dx.doi.org/10.1007/BF00898189}
}

@BOOK{Davison2003,
  title = {Statistical Models},
  publisher = {Cambridge University Press},
  year = {2003},
  author = {Davison, A.C.},
  series = {Cambridge Series in Statistical and Probabilistic Mathematics},
  owner = {ribatet},
  timestamp = {2008.10.09}
}

@ARTICLE{Dietrich1995,
  author = {Dietrich, C.R.},
  title = {A simple and efficient space domain implementation of the turning
	bands method},
  journal = {Water Resources Research},
  year = {1995},
  volume = {31},
  pages = {147--156},
  number = {1},
  owner = {mathieu},
  timestamp = {2009.04.30}
}

@BOOK{Diggle2007,
  title = {Model-based Geostatistics},
  publisher = {Springer},
  year = {2007},
  author = {Diggle, P. and Ribeiro, P.J. and Justiniano, P.},
  pages = {230},
  series = {Springer Series in Statistics},
  owner = {ribatet},
  timestamp = {2008.06.30}
}

@CONFERENCE{Efron1982,
  author = {Efron, B.},
  title = {The {J}ackknife, the {B}ootstrap and {O}ther {R}esampling {P}lans},
  booktitle = {CBMS-NSF Regional Conference Series in Applied Mathematics},
  year = {1982},
  address = {Philadelphia},
  organization = {SIAM},
  owner = {mathieu},
  timestamp = {2008.12.22}
}

@ARTICLE{Emery2006,
  author = {Emery, X. and Lantu\'ejoul, C.},
  title = {TBSIM: A computer program for conditional simulation of three-dimensional
	Gaussian random fields via the turning bands method},
  journal = {Computer and Geosciences},
  year = {2006},
  volume = {32},
  pages = {1615--1628},
  owner = {mathieu},
  timestamp = {2009.05.20}
}

@TECHREPORT{Freulon1991,
  author = {Freulon, X. and de Fouquet, C.},
  title = {Remarques sur la pratique des bandes tournantes \'a trois dimensions},
  institution = {Ecole des Mines de Paris},
  year = {1991},
  owner = {mathieu},
  timestamp = {2009.05.19}
}

@PHDTHESIS{Gholam2009,
  author = {Gholam--Rezaee, M.},
  title = {Spatial extreme value: A composite likelihood},
  school = {\'Ecole Polytechnique F\'ed\'erale de Lausanne},
  year = {2009},
  owner = {mathieu},
  timestamp = {2009.02.17}
}

@ARTICLE{Hosking1985,
  author = {Hosking, J.R.M. and Wallis, J.R. and Wood, E.F.},
  title = {Estimation of the {G}eneralized {E}xtreme {V}alue {D}istribution
	by the {M}ethod of {P}robability {W}eighted {M}oments},
  journal = {Technometrics},
  year = {1985},
  volume = {27},
  pages = {251-261},
  number = {3},
  owner = {mathieu},
  timestamp = {2008.12.23}
}

@ARTICLE{Kent1982,
  author = {Kent, J.T.},
  title = {Robust properties of likelihood ratio tests},
  journal = {Biometrika},
  year = {1982},
  volume = {69},
  pages = {19--27},
  owner = {mathieu},
  timestamp = {2009.02.05}
}

@BOOK{Lindsay1988,
  title = {Composite likelihood methods},
  publisher = {American Mathematical Society},
  year = {1988},
  editor = {N. U. Prabhu},
  author = {Lindsay, B.},
  pages = {221},
  series = {Statistical Inference from Stochastic Processes},
  address = {Providence},
  owner = {ribatet},
  timestamp = {2008.05.05}
}

@ARTICLE{Mantoglou1987,
  author = {Mantoglou, A.},
  title = {Digital-simulation of multivariate two-dimensional and three-dimensional
	stochastic processes with a spectral turning bands method},
  journal = {Mathematical Geology},
  year = {1987},
  volume = {19},
  pages = {129--149},
  owner = {mathieu},
  timestamp = {2009.05.20}
}

@BOOK{Matern1986,
  title = {Spatial Variations},
  publisher = {Springer},
  year = {1986},
  author = {Mat\'ern, B.},
  address = {Berlin},
  edition = {2nd Edition},
  owner = {mathieu},
  timestamp = {2009.04.26}
}

@ARTICLE{Matheron1987,
  author = {Matheron, G.},
  title = {Suffit-il, pour une covariance, d'\^etre de type positif ?},
  journal = {Sciences de la Terre, s\'erie informatique g\'eologique},
  year = {1987},
  volume = {26},
  pages = {51--66},
  owner = {mathieu},
  timestamp = {2008.12.24}
}

@ARTICLE{Matheron1973,
  author = {Matheron, G.},
  title = {The intrinsic random functions and their applications},
  journal = {Advances in Applied Probability},
  year = {1973},
  volume = {5},
  pages = {439--468},
  owner = {mathieu},
  timestamp = {2009.04.29}
}

@ARTICLE{Naveau2009,
  author = {Naveau, P. and Guillou, A. and Cooley, D.},
  title = {Modelling pairwise dependence of maxima in space},
  journal = {Submitted to Biometrika},
  year = {2009},
  owner = {mathieu},
  timestamp = {2008.12.23}
}

@ARTICLE{Nelder1965,
  author = {Nelder, J.A. and Mead, R.},
  title = {A simplex algorithm for function minimization},
  journal = {Computer Journal},
  year = {1965},
  volume = {7},
  pages = {308--313},
  owner = {mathieu},
  timestamp = {2008.12.27}
}

@ARTICLE{Neyman1933,
  author = {Neyman, J. and Pearson, E.},
  title = {On the problem of the most efficient tests of statistical hypothesis},
  journal = {Philosophical Transactions of the Royal Statistical Society of London.
	Series A},
  year = {1933},
  volume = {231},
  pages = {289--337},
  owner = {mathieu},
  timestamp = {2008.12.24}
}

@PHDTHESIS{Padoan2008a,
  author = {Padoan, S.A.},
  title = {Computational Methods for Complex Problems in Extreme Value Theory},
  school = {University of Padova},
  year = {2008},
  file = {:/home/mathieu/Documents/Biblio/Thesis/Padoan2008.pdf:PDF},
  owner = {mathieu},
  timestamp = {2009.02.17}
}

@ARTICLE{Padoan2008,
  author = {Padoan, S.A. and Ribatet, M. and Sisson, S.},
  title = {Likelihood-based inference for max-stable processes},
  journal = {Submitted to the Journal of the American Statistical Association
	(Theory \& Methods)},
  year = {2008},
  owner = {mathieu},
  timestamp = {2008.11.28}
}

@INPROCEEDINGS{Pickands1981,
  author = {Pickands, J.},
  title = {Multivariate {E}xtreme {V}alue {D}istributions},
  booktitle = {Proceedings 43rd Session International Statistical Institute},
  year = {1981},
  owner = {ribatema},
  timestamp = {2006.03.09}
}

@MANUAL{Rsoft,
  title = {R: A Language and Environment for Statistical Computing},
  author = {{R Development Core Team}},
  organization = {R Foundation for Statistical Computing},
  address = {Vienna, Austria},
  year = {2007},
  note = {{ISBN} 3-900051-07-0},
  url = {http://www.R-project.org}
}

@ARTICLE{Rotnitzki1990,
  author = {Rotnitzki, A. and Jewell, N.},
  title = {Hypothesis testing of regression parameters in semiparametric generalized
	linear models for cluster correlated data},
  journal = {Biometrika},
  year = {1990},
  volume = {77},
  pages = {495--497},
  owner = {mathieu},
  timestamp = {2008.12.22}
}

@BOOK{Ruppert2003,
  title = {Semiparametric regression},
  publisher = {Cambridge University Press},
  year = {2003},
  editor = {Cambridge Series in Statistical and Probabilistic Mathematics},
  author = {Ruppert, D. and Wand, M. and Caroll, R.J.},
  owner = {mathieu},
  timestamp = {2009.02.03}
}

@ARTICLE{Schlather2002,
  author = {Schlather, Martin},
  title = {Models for Stationary Max-Stable Random Fields},
  journal = {Extremes},
  year = {2002},
  volume = {5},
  pages = {33--44},
  number = {1},
  month = mar,
  abstract = {Models for stationary max-stable random fields are revisited and illustrated
	by two-dimensional simulations. We introduce a new class of models,
	which are based on stationary Gaussian random fields, and whose realizations
	are not necessarily semi-continuous functions. The bivariate marginal
	distributions of these random fields can be calculated, and they
	form a new class of bivariate extreme value distributions.},
  file = {Schlather2002.pdf:Articles/Schlather2002.pdf:PDF},
  owner = {ribatet},
  timestamp = {2008.03.27},
  url = {http://dx.doi.org/10.1023/A:1020977924878}
}

@TECHREPORT{Schlather1999,
  author = {Schlather, M.},
  title = {An introduction to positive definite functions and to unconditional
	simulation of random fields},
  institution = {Dept. of Mathematics and Statistics, Lancaster University},
  year = {1999},
  type = {Technical report ST 99-10},
  owner = {mathieu},
  timestamp = {2009.05.19}
}

@ARTICLE{Schlather2003,
  author = {Schlather, M. and Tawn, J.A.},
  title = {A dependence measure for multivariate and spatial extremes: {P}roperties
	and inference},
  journal = {Biometrika},
  year = {2003},
  volume = {90},
  pages = {139--156},
  number = {1},
  file = {:/home/mathieu/Documents/Biblio/Articles/Schlather2003.pdf:PDF},
  owner = {mathieu},
  timestamp = {2008.12.21}
}

@ARTICLE{Smith1991,
  author = {Smith, R.L.},
  title = {Max-stable processes and spatial extreme},
  journal = {Unpublished manuscript},
  year = {1991},
  file = {Smith1991.pdf:Articles/Smith1991.pdf:PDF},
  owner = {ribatet},
  timestamp = {2008.03.27}
}

@ARTICLE{Varin2005,
  author = {Varin, C. and Vidoni, P.},
  title = {A note on composite likelihood inference and model selection},
  journal = {Biometrika},
  year = {2005},
  volume = {92},
  pages = {519--528},
  number = {3},
  owner = {mathieu},
  timestamp = {2008.06.17}
}

@BOOK{Wood2006,
  title = {Generalized {A}dditive {M}odels},
  publisher = {Chapman \& Hall},
  year = {2006},
  editor = {Texts in Statistical Science},
  author = {Wood, S.N.},
  owner = {mathieu},
  timestamp = {2009.02.05}
}

